% authors template: LNAME1, FNAME1 and LNAME2, FNAME2 and ...
@Article{ref1,
	author	= {Götte, Thorste and Hinnenthal, Kristian and Scheideler, Christian},
	title	= {Faster construction of overlay networks},
	journal	= {International Colloquium on Structural Information and Communication Complexity (SIROCCO)},
	pages 	= {262–276},
	year	= {2019},
}
@Article{ref2,
	author	= {Angluin, Dana and Aspnes, James and Chen, Jiang and Wu, Yinghua and Yin, Yitong},
	title	= {Fast Construction of Overlay Networks},
	journal	= {Proc. of the 17th Annual ACM Symposium on Parallelism in Algorithms and Architectures (SPAA)},
	pages 	= {145–154},
	year	= {2005},
}
@Article{ref3,
	author	= {Aspnes, James and Wu, Yinghua},
	title	= {O$(\log{n})$-time overlay network construction from graphs with out-degree 1},
	journal	= {Eduardo Tovar, Philippas Tsigas, and Hacène Fouchal,
editors, Proc. of the 11th International Conference on Principles of Distributed
Systems (OPODIS)},
	pages 	= {286–300},
	year	= {2007},
}
@Article{ref4,
	author	= {Augustine, John and Choudhary, Keerti and Cohen, Avi and Peleg, David and Sivasubramaniam, Sumathi and Sourav, Suman},
	title	= {Distributed graph realizations},
	journal	= {International Parallel and Distributed Processing Symposium (IPDPS)},
	pages 	= {158–167},
	year	= {2020},
}
@Article{ref5,
	author	= {Gmyr, Robert and Hinnenthal, Kristian and Scheideler, Christian and Sohler, Christian},
	title	= {Distributed Monitoring of Network Properties: The Power of Hybrid Networks},
	journal	= {Proc. of the 44th International Colloquium on Automata, Languages, and Programming (ICALP)},
	pages 	= {137:1–137:15},
	year	= {2017},
}